@misc{bayernwerknetznutz2025,
  title   = {Preisblatt Netzentgelte Strom (gültig ab 01.01.2025)},
  author  = {{Bayernwerk Netz GmbH}},
  year    = {2024},
  url     = {https://bit.ly/3DGNZfN},
  comment = {https://www.bayernwerk-netz.de/content/dam/revu-global/bayernwerk-netz/files/netz/netzzugang/netzentgeltestrom/bayernwerk-preisblatt-netzentgelte-2025.pdf},
  note    = {Zugriff am 26. Februar 2025}
}

@misc{BDEW1999ReprLProf,
  author  = {{BDEW - Bundesverband der Energie- und Wasserwirtschaft e.V. (ehemals VDEW)}},
  title   = {Repräsentative VDEW-Lastprofile},
  year    = {1999},
  url     = {https://bit.ly/3FnFmaF},
  comment = {https://www.bdew.de/media/documents/1999_Repraesentative-VDEW-Lastprofile.pdf},
  note    = {Zugriff am 26. Februar 2025}
}

@misc{BNetzA-BK8-22-010-A,
  author  = {{Bundesnetzagentur}},
  title   = {Festlegung BK8-22/010-A: Einführung zeitvariabler Netzentgelte},
  year    = {2023},
  url     = {https://bit.ly/3DAoJrC},
  comment = {https://www.bundesnetzagentur.de/DE/Beschlusskammern/1_GZ/BK8-GZ/2022/2022_4-Steller/BK8-22-0010/BK8-22-0010-A_Festlegung_Download.pdf?__blob=publicationFile&v=5},
  note    = {Zugriff am 26. Februar 2025}
}

@misc{BNetzA2025RolloutQuoten,
  author  = {{Bundesnetzagentur}},
  title   = {{Roll-out-Quoten der Messstellenbetreiber}},
  year    = {2025},
  url     = {https://bit.ly/3Fsu05b},
  comment = {https://www.bundesnetzagentur.de/DE/Fachthemen/ElektrizitaetundGas/NetzzugangMesswesen/Mess-undZaehlwesen/iMSys/Roll-out-Quoten_MsB.xlsx?__blob=publicationFile&v=8},
  note    = {Letzter Zugriff: 13. März 2025}
}

@misc{ebermannstadtnetznutz2025,
  title   = {Preisblatt Netznutzung Strom (gültig ab 01.01.2025)},
  author  = {{Stadtwerke Ebermannstadt GmbH}},
  year    = {2024},
  url     = {https://bit.ly/421wxMg},
  comment = {https://www.stadtwerke-ebermannstadt.de/de/Kopfnavigation/Netze1/Stromnetz/Preisblatt-NN-Strom-01-01-2025-endgueltig.pdf},
  note    = {Zugriff am 26. Februar 2025}
}

@misc{EnWG2024,
  author  = {{Bundesrepublik Deutschland}},
  title   = {Energiewirtschaftsgesetz (EnWG)},
  year    = {2024},
  url     = {https://bit.ly/3R6ba6h},
  comment = {https://www.gesetze-im-internet.de/enwg_2005/},
  note    = {Aktuelle Fassung, Zugriff am 25. Februar 2025}
}

@misc{ESTW2024AllgBedstVEP14a,
  author  = {{Erlanger Stadtwerke AG}},
  title   = {Allgemeine Bedingungen über die netzorientierte Steuerung von steuerbaren Verbrauchseinrichtungen in Niederspannung gemäß § 14a EnWG},
  year    = {2024},
  month   = {Juli},
  url     = {https://bit.ly/3DzecNp},
  comment = {https://netze.estw.de/de/Stromnetz/Netzanschluss/Netzanschluss/Allgemeine-Bedingungen-zur-netzorientierten-Steuerung-nach-14a-EnWG.pdf},
  note    = {Stand: 1. Juli 2024}
}

@misc{estwnetznutz2025,
  author  = {Erlanger Stadtwerke AG (ESTW)},
  title   = {Netzzugang und Entgelte - Preisblatt NNE RLM SLP},
  year    = {2025},
  url     = {https://bit.ly/4iqNG7U},
  note    = {Zugriff am 25. Februar 2025},
  comment = {https://netze.estw.de/de/Stromnetz/Netzzugang-Entgelte/Netzzugang-Entgelte/241218-ESTW-Anlage-7-Preisblatt-NNE-RLM-SLP-250101-mitSBL-endgueltig.pdf}
}

@misc{FFE2020imsys,
  author  = {{Forschungsstelle für Energiewirtschaft e.V. (FfE)}},
  title   = {Erklärung intelligentes Messsystem (iMSys)},
  year    = {2020},
  url     = {https://bit.ly/3DyHbRr},
  comment = {https://www.ffe.de/wp-content/uploads/2020/08/20200918_iMSys_Erklaerung.pdf},
  note    = {Zugriff am 26. Februar 2025}
}

@misc{forchheimnetznutz2025,
  title   = {Entgelte für die Netznutzung (gültig ab 01.01.2025)},
  author  = {{Stadtwerke Forchheim GmbH}},
  year    = {2024},
  url     = {https://bit.ly/423i96g},
  comment = {https://www.stadtwerke-forchheim.de/fileadmin/Downloads/Pflichtveroeffentlichungen/Stromnetz/Strom_Netzzugang_Netzentgelte/Entgelte_fuer_die_Netznutzung_gueltig_ab_01.01.2025.pdf},
  note    = {Zugriff am 26. Februar 2025}
}

@misc{HagerTipp54_2024,
  author  = {{Hager Group}},
  title   = {Hager Tipp 54 – §14a EnWG: Steuerbare Verbrauchseinrichtungen und steuerbare Netzanschlüsse},
  year    = {2024},
  url     = {https://bit.ly/43J6vyB},
  comment = {https://assets.sc.hager.com/de/-/media/project/hagerdeep/deutschland/hager/b2b-de/documents/hagertipps/24de0024-tip-hager-tipp-54-paragraph-14a-web.pdf},
  note    = {Zugriff am 26. Februar 2025}
}

@misc{herzowerkenetznutz2025,
  title   = {Strom Netzentgelte 2025 (vorläufig)},
  author  = {{Herzo Werke GmbH}},
  year    = {2024},
  url     = {https://bit.ly/3DG8xFh},
  comment = {https://www.herzowerke.de/files/user_upload/herzowerke.de/Aktuell%20Bilder%20Bereichsmenue/Strom%20Dateien%20und%20Formulare/Strom_Netzentgelte%20_2025_vorl%C3%A4ufig.pdf},
  note    = {Zugriff am 26. Februar 2025}
}

@misc{nergienetznutz2025,
  title   = {Preisblatt 1: Netznutzungsentgelte für Kunden mit registrierender Lastgangmessung (zum 01.01.2025)},
  author  = {{N-ERGIE Netz GmbH}},
  year    = {2024},
  url     = {https://bit.ly/4iojwCf},
  comment = {https://www.n-ergie-netz.de/public/remotemedien/media/nng/produkte_und_dienstleistungen_2/netzentgelte_1/netzentgelte_strom/vorlaeufige_2025/N_Preisblaetter_Gesamt_2025_vorl.pdf},
  note    = {Zugriff am 26. Februar 2025}
}

@misc{suecnetznutz2025,
  title   = {Preistabelle Netzentgelte Strom 2025},
  author  = {{SÜC Coburg Netze GmbH}},
  year    = {2024},
  url     = {https://bit.ly/3R5kYgQ},
  comment = {https://www.suec-netze.de/de/Strom/Netzzugang-Entgelte/2024.12.19-Preisblaetter-Strom-2025-Coburg-SUeC-1.pdf},
  note    = {Zugriff am 26. Februar 2025}
}

@misc{VDEFNNimpulsDigitaleSchnittstellen2023,
  author  = {{VDE - Verband der Elektrotechnik, Elektronik und Informationstechnik e.V.}},
  title   = {Impuls: Digitale Schnittstelle – Smart-Meter-Daten effizient nutzen},
  year    = {2023},
  url     = {https://bit.ly/4iM3AJP},
  comment = {https://www.vde.com/resource/blob/2292786/5d38accc5ab02ad04df7cab8a64f1f63/impuls--digitale-schnittstelle-data.pdf},
  note    = {Zugriff am 26. Februar 2025}
}

